
    <zs:record>
      <zs:recordSchema/>
      <zs:recordPacking>xml</zs:recordPacking>
      <zs:recordData>
        <record xmlns="http://www.loc.gov/MARC21/slim">
          <leader>00730cam a2200205u  4500</leader>
          <controlfield tag="001">8469905</controlfield>
          <controlfield tag="005">20130510131457.0</controlfield>
          <controlfield tag="008">830302s1964    enkabef       000 0beng  </controlfield>
          <datafield tag="906" ind1=" " ind2=" ">
            <subfield code="a">0</subfield>
            <subfield code="b">cbc</subfield>
            <subfield code="c">premunv</subfield>
            <subfield code="d">u</subfield>
            <subfield code="e">ncip</subfield>
            <subfield code="f">19</subfield>
            <subfield code="g">y-gencatlg</subfield>
          </datafield>
          <datafield tag="010" ind1=" " ind2=" ">
            <subfield code="a">   66006107 </subfield>
          </datafield>
          <datafield tag="035" ind1=" " ind2=" ">
            <subfield code="9">(DLC)   66006107</subfield>
          </datafield>
          <datafield tag="040" ind1=" " ind2=" ">
            <subfield code="a">DLC</subfield>
            <subfield code="c">CarP</subfield>
            <subfield code="d">DLC</subfield>
          </datafield>
          <datafield tag="050" ind1="0" ind2="0">
            <subfield code="a">BX4700.W55</subfield>
            <subfield code="b">A8</subfield>
          </datafield>
          <datafield tag="100" ind1="1" ind2=" ">
            <subfield code="a">Anderson, M. D.</subfield>
            <subfield code="q">(Mary Désirée),</subfield>
            <subfield code="d">1902-1973.</subfield>
          </datafield>
          <datafield tag="245" ind1="1" ind2="2">
            <subfield code="a">A saint at take;</subfield>
            <subfield code="b">the strange death of William of Norwich, 1144</subfield>
          </datafield>
          <datafield tag="260" ind1=" " ind2=" ">
            <subfield code="a">London,</subfield>
            <subfield code="b">Faber and Faber</subfield>
            <subfield code="c">[1964]</subfield>
          </datafield>
          <datafield tag="300" ind1=" " ind2=" ">
            <subfield code="a">230 p.</subfield>
            <subfield code="b">illus., map, plan, plates.</subfield>
            <subfield code="c">23 cm.</subfield>
          </datafield>
          <datafield tag="600" ind1="0" ind2="0">
            <subfield code="a">William,</subfield>
            <subfield code="c">of Norwich, Saint,</subfield>
            <subfield code="d">1132 or 1133-1144.</subfield>
          </datafield>
          <datafield tag="650" ind1=" " ind2="0">
            <subfield code="a">Blood accusation.</subfield>
          </datafield>
          <datafield tag="991" ind1=" " ind2=" ">
            <subfield code="b">c-GenColl</subfield>
            <subfield code="h">BX4700.W55</subfield>
            <subfield code="i">A8</subfield>
            <subfield code="p">00019807897</subfield>
            <subfield code="t">Copy 1</subfield>
            <subfield code="w">PREM</subfield>
          </datafield>
        </record>
      </zs:recordData>
      <zs:recordPosition>22</zs:recordPosition>
    </zs:record>